<record><leader><foo /></leader><controlfield tag="001">000000026</controlfield><controlfield tag="005">20121106155713.0</controlfield><datafield tag="STA" ind1=" " ind2=" "><subfield code="a">DELETED</subfield></datafield><datafield tag="015" ind1=" " ind2=" "><subfield code="a">f832359</subfield><subfield code="2">skl</subfield></datafield><datafield tag="020" ind1=" " ind2=" "><subfield code="a">(nid.) :</subfield><subfield code="c">10,95 mk</subfield></datafield><datafield tag="028" ind1="0" ind2="0"><subfield code="b">Fazer</subfield><subfield code="a">FACK8017</subfield></datafield><datafield tag="035" ind1=" " ind2=" "><subfield code="a">(FI-MELINDA)000000026</subfield></datafield><datafield tag="041" ind1="1" ind2=" "><subfield code="a">fin</subfield><subfield code="h">eng</subfield></datafield><datafield tag="080" ind1=" " ind2=" "><subfield code="a">820</subfield><subfield code="x">-3</subfield></datafield><datafield tag="080" ind1=" " ind2=" "><subfield code="a">347.7</subfield></datafield><datafield tag="080" ind1=" " ind2=" "><subfield code="a">73/76</subfield></datafield><datafield tag="080" ind1=" " ind2=" "><subfield code="a">347.78</subfield></datafield><datafield tag="084" ind1=" " ind2=" "><subfield code="a">Tkt 207</subfield><subfield code="2">z</subfield></datafield><datafield tag="100" ind1="1" ind2=" "><subfield code="a">Reese, John.</subfield></datafield><datafield tag="240" ind1="1" ind2="0"><subfield code="a">Legacy of a land hog</subfield></datafield><datafield tag="245" ind1="1" ind2="0"><subfield code="a">Vanhan miehen perintö /</subfield><subfield code="c">John Reese ; [suom.: J. Sinivalo].</subfield></datafield><datafield tag="260" ind1=" " ind2=" "><subfield code="a">[Malmö] :</subfield><subfield code="b">Wennerberg,</subfield><subfield code="c">1983.</subfield></datafield><datafield tag="300" ind1=" " ind2=" "><subfield code="a">127, [1] s. ;</subfield><subfield code="c">18 cm.</subfield></datafield><datafield tag="336" ind1=" " ind2=" "><subfield code="a">Teksti</subfield></datafield><datafield tag="337" ind1=" " ind2=" "><subfield code="a">ei välittävää laitetta</subfield></datafield><datafield tag="490" ind1="1" ind2=" "><subfield code="a">Montana-kirjat;</subfield><subfield code="v">152</subfield></datafield><datafield tag="500" ind1=" " ind2=" "><subfield code="a">Kasetissa osannimeke: Kasettbandet.</subfield></datafield><datafield tag="505" ind1="0" ind2=" "><subfield code="a">Soitinten ääninäytteitä ja puhetta.</subfield></datafield><datafield tag="511" ind1="0" ind2=" "><subfield code="a">Puhe: Bengt Olof Engström.</subfield></datafield><datafield tag="650" ind1=" " ind2="7"><subfield code="a">tekijänoikeus</subfield><subfield code="x">kuvataide</subfield><subfield code="2">ysa</subfield></datafield><datafield tag="650" ind1=" " ind2="7"><subfield code="a">tekijänoikeus</subfield><subfield code="x">lainsäädäntö</subfield><subfield code="2">ysa</subfield></datafield><datafield tag="650" ind1=" " ind2="7"><subfield code="a">kuvataide</subfield><subfield code="x">tekijänoikeus</subfield><subfield code="2">ysa</subfield></datafield><datafield tag="650" ind1=" " ind2="7"><subfield code="a">taiteelliset teokset</subfield><subfield code="2">eks</subfield></datafield><datafield tag="650" ind1=" " ind2="7"><subfield code="a">tekijänoikeus</subfield><subfield code="2">ysa</subfield></datafield><datafield tag="650" ind1=" " ind2="7"><subfield code="a">kuvataide</subfield><subfield code="2">ysa</subfield></datafield><datafield tag="650" ind1=" " ind2="7"><subfield code="a">lainsäädäntö</subfield><subfield code="2">ysa</subfield></datafield><datafield tag="650" ind1=" " ind2="7"><subfield code="a">taiteellinen teos</subfield><subfield code="2">eks</subfield></datafield><datafield tag="650" ind1=" " ind2="7"><subfield code="a">tekijänoikeus</subfield><subfield code="x">lainsäädäntö</subfield><subfield code="z">Suomi</subfield><subfield code="2">ysa</subfield></datafield><datafield tag="650" ind1=" " ind2="7"><subfield code="a">tekijänoikeus</subfield><subfield code="2">eks</subfield></datafield><datafield tag="650" ind1=" " ind2="7"><subfield code="a">komiteanmietinnöt</subfield><subfield code="x">tekijänoikeus</subfield><subfield code="x">kuvataide</subfield><subfield code="2">ysa</subfield></datafield><datafield tag="650" ind1=" " ind2="7"><subfield code="a">komiteanmietinnöt</subfield><subfield code="x">tekijänoikeus</subfield><subfield code="x">lainsäädäntö</subfield><subfield code="2">ysa</subfield></datafield><datafield tag="700" ind1="1" ind2=" "><subfield code="a">Sinivalo, Jorma.</subfield></datafield><datafield tag="830" ind1=" " ind2="0"><subfield code="a">Montana-kirjat;</subfield><subfield code="v">152</subfield></datafield><datafield tag="SID" ind1=" " ind2=" "><subfield code="c">304</subfield><subfield code="b">arsca</subfield></datafield><datafield tag="SID" ind1=" " ind2=" "><subfield code="c">180791</subfield><subfield code="b">alma</subfield></datafield><datafield tag="SID" ind1=" " ind2=" "><subfield code="c">254137</subfield><subfield code="b">fenni</subfield></datafield><datafield tag="SID" ind1=" " ind2=" "><subfield code="c">381887</subfield><subfield code="b">helka</subfield></datafield><datafield tag="SID" ind1=" " ind2=" "><subfield code="c">58542</subfield><subfield code="b">hilla</subfield></datafield><datafield tag="SID" ind1=" " ind2=" "><subfield code="c">182345</subfield><subfield code="b">joeca</subfield></datafield><datafield tag="SID" ind1=" " ind2=" "><subfield code="c">355328</subfield><subfield code="b">jykdo</subfield></datafield><datafield tag="SID" ind1=" " ind2=" "><subfield code="c">237694</subfield><subfield code="b">oula</subfield></datafield><datafield tag="SID" ind1=" " ind2=" "><subfield code="c">335762</subfield><subfield code="b">selma</subfield></datafield><datafield tag="SID" ind1=" " ind2=" "><subfield code="c">158122</subfield><subfield code="b">tamca</subfield></datafield><datafield tag="SID" ind1=" " ind2=" "><subfield code="c">6753</subfield><subfield code="b">trito</subfield></datafield><datafield tag="SID" ind1=" " ind2=" "><subfield code="c">85780</subfield><subfield code="b">tutca</subfield></datafield><datafield tag="SID" ind1=" " ind2=" "><subfield code="c">34888</subfield><subfield code="b">valpu</subfield></datafield><datafield tag="SID" ind1=" " ind2=" "><subfield code="c">26092</subfield><subfield code="b">volte</subfield></datafield><datafield tag="CAT" ind1=" " ind2=" "><subfield code="c">20090529</subfield><subfield code="l">FIN01</subfield><subfield code="h">1557</subfield></datafield><datafield tag="CAT" ind1=" " ind2=" "><subfield code="a">LOAD-FEN</subfield><subfield code="b"></subfield><subfield code="c">20091112</subfield><subfield code="l">FIN01</subfield><subfield code="h">1856</subfield></datafield><datafield tag="CAT" ind1=" " ind2=" "><subfield code="c">20120328</subfield><subfield code="l">FIN01</subfield><subfield code="h">1148</subfield></datafield><datafield tag="CAT" ind1=" " ind2=" "><subfield code="c">20120328</subfield><subfield code="l">FIN01</subfield><subfield code="h">1205</subfield></datafield><datafield tag="CAT" ind1=" " ind2=" "><subfield code="a">LOAD-TEST</subfield><subfield code="b"></subfield><subfield code="c">20120328</subfield><subfield code="l">FIN01</subfield><subfield code="h">1750</subfield></datafield><datafield tag="CAT" ind1=" " ind2=" "><subfield code="a">LOAD-TEST3</subfield><subfield code="b"></subfield><subfield code="c">20120328</subfield><subfield code="l">FIN01</subfield><subfield code="h">1825</subfield></datafield><datafield tag="CAT" ind1=" " ind2=" "><subfield code="c">20120330</subfield><subfield code="l">FIN01</subfield><subfield code="h">1212</subfield></datafield><datafield tag="CAT" ind1=" " ind2=" "><subfield code="c">20120330</subfield><subfield code="l">FIN01</subfield><subfield code="h">1310</subfield></datafield><datafield tag="CAT" ind1=" " ind2=" "><subfield code="c">20120330</subfield><subfield code="l">FIN01</subfield><subfield code="h">1312</subfield></datafield><datafield tag="CAT" ind1=" " ind2=" "><subfield code="a">ALEPH</subfield><subfield code="b">00</subfield><subfield code="c">20121106</subfield><subfield code="l">FIN01</subfield><subfield code="h">1557</subfield></datafield><datafield tag="LOW" ind1=" " ind2=" "><subfield code="a">FENNI</subfield></datafield><datafield tag="LOW" ind1=" " ind2=" "><subfield code="a">ARSCA</subfield></datafield><datafield tag="LOW" ind1=" " ind2=" "><subfield code="a">ALMA</subfield></datafield><datafield tag="LOW" ind1=" " ind2=" "><subfield code="a">HELKA</subfield></datafield><datafield tag="LOW" ind1=" " ind2=" "><subfield code="a">HILLA</subfield></datafield><datafield tag="LOW" ind1=" " ind2=" "><subfield code="a">JOSKU</subfield></datafield><datafield tag="LOW" ind1=" " ind2=" "><subfield code="a">JYKDO</subfield></datafield><datafield tag="LOW" ind1=" " ind2=" "><subfield code="a">OULA</subfield></datafield><datafield tag="LOW" ind1=" " ind2=" "><subfield code="a">SELMA</subfield></datafield><datafield tag="LOW" ind1=" " ind2=" "><subfield code="a">TAMCA</subfield></datafield><datafield tag="LOW" ind1=" " ind2=" "><subfield code="a">TRITO</subfield></datafield><datafield tag="LOW" ind1=" " ind2=" "><subfield code="a">TUTCA</subfield></datafield><datafield tag="LOW" ind1=" " ind2=" "><subfield code="a">VALPU</subfield></datafield><datafield tag="LOW" ind1=" " ind2=" "><subfield code="a">VOLTE</subfield></datafield><datafield tag="900" ind1="1" ind2=" "><subfield code="a">Sinivalo, J.</subfield><subfield code="y">Sinivalo, Jorma</subfield></datafield></record>
